<?xml version="1.0" encoding="UTF-8"?><collection xmlns="http://www.loc.gov/MARC21/slim"><record><leader>00519nam--2200181-i-4500</leader><controlfield tag="001">000031544</controlfield><controlfield tag="002">20161230</controlfield><controlfield tag="005">20161230201038</controlfield><controlfield tag="008">060222s1000------------r-----000-0-fre-d</controlfield><datafield ind1=" " ind2=" " tag="040"><subfield code="a">IFIN-HH</subfield></datafield><datafield ind1=" " ind2=" " tag="041"><subfield code="a">fre</subfield></datafield><datafield ind1=" " ind2=" " tag="080"><subfield code="a">538.915:539.1.078</subfield></datafield><datafield ind1="1" ind2=" " tag="100"><subfield code="a">Manuel, Alfred A</subfield></datafield><datafield ind1="1" ind2="0" tag="245"><subfield code="a">L`etude des proprietes electroniques dses metaux par annihilation de positrons</subfield><subfield code="b">These</subfield><subfield code="c">Alfred a. manuel</subfield></datafield><datafield ind1=" " ind2=" " tag="260"><subfield code="a">Zurich</subfield><subfield code="b">Universite De Geneva</subfield><subfield code="c">1978</subfield></datafield><datafield ind1=" " ind2=" " tag="300"><subfield code="a">104P</subfield></datafield><datafield ind1=" " ind2=" " tag="852"><subfield code="a">75699</subfield><subfield code="c">539.2</subfield></datafield><datafield ind1=" " ind2=" " tag="CAT"><subfield code="a">Sys</subfield><subfield code="c">20121127</subfield><subfield code="h">101416</subfield></datafield></record></collection>